
@paper{
	2007-Paschke_etal-RuleResponder.pdf,
	year="2007",
	title="Rule Responder: RuleML-Based Agents for Distributed Collaboration on the Pragmatic Web",
	author="Paschke, A. and Boley, H. and Craig, B. and Kozlenkov, A."
}

@paper{
	2008-Giurca_Pascalau-JSON_Rules.pdf,
	year="2008",
	title="JSON Rules",
    author="Giurca , A. and Pascalau, E."
}

@paper{
	2009-Pascalau_Giurca-LWAECARE.pdf,
	author = "Pascalau, E. and Giurca , A.",
	title = "A Lightweight Architecture of an ECA Rule Engine for Web Browsers",
	year = "2009"
}

@paper{
	2006-Boley-RuleML.pdf,
	year="2006",
	title="The Rule-ML Family of Web Rule Languages",
    author="Boley, H."
}

@paper{
	2012-Paschke_etal-ReactionRuleML.pdf,
	year="2012",
	title="Reaction RuleML 1.0: Standardized Semantic Reaction Rules",
    author="Paschke, A. and Boley, H. and Zhao, Z. and Teymourian, K. and Athan, T."
}

@paper{
	2010-Rizzotti_Burkhart-useKit.pdf,
	year="2010",
	title="useKit - Lightweight Mashups for the Personalized Web",
    author="Rizzotti, S. and Burkhart, H."
}

@paper{
	2009-Paschke_Boley-RCER.pdf,
	year="2009",
	title="Rules Capturing Events and Reactivity",
    author="Paschke, A. and Boley, H."
}
@book{
	bookTheLiveWeb,
	author = "Windley, P.",
	title = "The Live Web: Building Event-Based Connections in the Cloud",
	publisher = "Cengage Learning PTR",
	year = "2011"
}
		[label="2012\n (Book)"];

@webpage{
	wwwruleml,
	title="The Rule Markup Initiative",
	howpublished = {\url{http://ruleml.org}},
	note = {Accessed: 2013-07-07},
    author="Boley, H. and Tabet, S."
}

@webpage{
	wwwprobinder,
	title="ProBinder - Your secure online teamwork platform",
	howpublished = {\url{https://probinder.com}},
	note = {Accessed: 2013-07-07},
    author="Rizzotti, S."
}

@webpage{
	wwwmuleesb,
	title="muleESB",
	howpublished = {\url{http://www.mulesoft.org}},
	note = {Accessed: 2013-07-07},
    author="Mason, R."
}
