
@INPROCEEDINGS{Papamarkos03event-condition-actionrule,
		author = {George Papamarkos and Alexandra Poulovassilis and Ra Poulovassilis and Peter T. Wood},
		title = {Event-Condition-Action Rule Languages for the Semantic Web},
		booktitle = {In: Workshop on Semantic Web and Databases},
		year = {2003},
		pages = {309--327}
}

@ARTICLE{
	2005-Bry_etal-XChange.pdf,
		author = {Francois Bry and Paula-lavinia Patranjan},
		title = {Reactivity on the Web: Paradigms and Applications of the Language XChange},
		journal = {J. of Web Engineering},
		year = {2005},
		volume = {5},
		pages = {2006}
}

@incollection{10.1007-11896548_63,
	year={2006},
	isbn={978-3-540-46788-5},
	booktitle={Current Trends in Database Technology – EDBT 2006},
	volume={4254},
	series={Lecture Notes in Computer Science},
	editor={Grust, Torsten and Höpfner, Hagen and Illarramendi, Arantza and Jablonski, Stefan and Mesiti, Marco and Müller, Sascha and Patranjan, Paula-Lavinia and Sattler, Kai-Uwe and Spiliopoulou, Myra and Wijsen, Jef},
	doi={10.1007/11896548_63},
	title={Twelve Theses on Reactive Rules for the Web},
	url={http://dx.doi.org/10.1007/11896548_63},
	publisher={Springer Berlin Heidelberg},
	author={Bry, François and Eckert, Michael},
	pages={842-854}
}

@inproceedings{Elliott:2009:PFR:1596638.1596643,
 author = {Elliott, Conal M.},
 title = {Push-pull Functional Reactive Programming},
 booktitle = {Proceedings of the 2Nd ACM SIGPLAN Symposium on Haskell},
 series = {Haskell '09},
 year = {2009},
 isbn = {978-1-60558-508-6},
 location = {Edinburgh, Scotland},
 pages = {25--36},
 numpages = {12},
 url = {http://doi.acm.org/10.1145/1596638.1596643},
 doi = {10.1145/1596638.1596643},
 acmid = {1596643},
 publisher = {ACM},
 address = {New York, NY, USA},
 keywords = {concurrency, data-driven, demand-driven, functional reactive programming, semantics},
}

@inproceedings{conf/edbtw/BryE06,
  added-at = {2006-11-13T00:00:00.000+0100},
  author = {Bry, François and Eckert, Michael},
  biburl = {http://www.bibsonomy.org/bibtex/24f8ef41f057d49f7dad285076ec5e616/dblp},
  booktitle = {EDBT Workshops},
  crossref = {conf/edbtw/2006},
  date = {2006-11-13},
  description = {dblp},
  editor = {Grust, Torsten and Höpfner, Hagen and Illarramendi, Arantza and Jablonski, Stefan and Mesiti, Marco and Müller, Sascha and Patranjan, Paula-Lavinia and Sattler, Kai-Uwe and Spiliopoulou, Myra and Wijsen, Jef},
  ee = {http://dx.doi.org/10.1007/11896548_63},
  interhash = {b1876d9f4bfd48a71cdb164e8962b0b9},
  intrahash = {4f8ef41f057d49f7dad285076ec5e616},
  isbn = {3-540-46788-2},
  keywords = {dblp},
  pages = {842-854},
  publisher = {Springer},
  series = {Lecture Notes in Computer Science},
  timestamp = {2006-11-13T00:00:00.000+0100},
  title = {Twelve Theses on Reactive Rules for the Web.},
  url = {http://dblp.uni-trier.de/db/conf/edbtw/edbtw2006.html#BryE06},
  volume = 4254,
  year = 2006
}

@inproceedings{Wan:2000:FRP:349299.349331,
 author = {Wan, Zhanyong and Hudak, Paul},
 title = {Functional Reactive Programming from First Principles},
 booktitle = {Proceedings of the ACM SIGPLAN 2000 Conference on Programming Language Design and Implementation},
 series = {PLDI '00},
 year = {2000},
 isbn = {1-58113-199-2},
 location = {Vancouver, British Columbia, Canada},
 pages = {242--252},
 numpages = {11},
 url = {http://doi.acm.org/10.1145/349299.349331},
 doi = {10.1145/349299.349331},
 acmid = {349331},
 publisher = {ACM},
 address = {New York, NY, USA},
} 
@inproceedings{Berstel2007,
  added-at = {2008-05-09T21:07:17.000+0200},
  author = {Berstel, Bruno and Bonnard, Philippe and Bry, Fran\c{c}ois and Eckert, Michael and Patranjan, Paula-Lavinia},
  biburl = {http://www.bibsonomy.org/bibtex/2f435ca5e868692d2dc8362085d3233b3/atrus},
  booktitle = {Reasoning Web},
  crossref = {Antoniou2007},
  interhash = {2787d516ceb4bc44f3809d6b54266381},
  intrahash = {f435ca5e868692d2dc8362085d3233b3},
  keywords = {ECA rule web},
  pages = {183-239},
  timestamp = {2008-05-09T21:07:17.000+0200},
  title = {Reactive Rules on the Web},
  year = 2007
}

@Inproceedings{anicic2010arlfcepar,
	booktitle = {Web Reasoning and Rule Systems - Fourth International Conference},
	editor = {Pascal Hitzler, Thomas Lukasiewicz},
	month = {September},
	pages = {42-57},
	publisher = {Springer},
	series = {LNCS},
	title = {A Rule-Based Language for Complex Event Processing and Reasoning},
	volume = {6333},
	year = {2010},
	type = {Inproceedings},
	author = {Darko Anicic and Paul Fodor and Sebastian Rudolph and Roland St{\"u}hmer and Nenad Stojanovic and Rudi Studer},
	evastar_pdf = {AFRSSS-RR2010-ETALIS.pdf}
}

@inproceedings{conf/trec/Newby96,
	added-at = {2002-07-29T00:00:00.000+0200},
	author = {Newby, Gregory B.},
	biburl = {http://www.bibsonomy.org/bibtex/245dab65dcf7ec33b82f960d6d620ef0c/dblp},
	booktitle = {TREC},
	date = {2002-07-29},
	description = {dblp},
	ee = {http://trec.nist.gov/pubs/trec5/papers/newby-proceedings-final.ps.gz},
	interhash = {85100683d7093b8fcbcb78f96b3c3c6e},
	intrahash = {45dab65dcf7ec33b82f960d6d620ef0c},
	keywords = {dblp},
	timestamp = {2002-07-29T00:00:00.000+0200},
	title = {Metric Multidimensional Information Space.},
	url = {http://dblp.uni-trier.de/db/conf/trec/trec1996.html#Newby96},
	year = 1996
}

@article{10.1109/ICSS.2013.16,
	author = {Yi Liu and Yushun Fan and Keman Huang},
	title = {Service Ecosystem Evolution and Controlling: A Research Framework for the Effects of Dynamic Services},
	journal ={Service Sciences, International Conference on},
	volume = {0},
	issn = {2165-3836},
	year = {2013},
	pages = {28-33},
	doi = {http://doi.ieeecomputersociety.org/10.1109/ICSS.2013.16},
	publisher = {IEEE Computer Society},
	address = {Los Alamitos, CA, USA},
}
@article{journals/itpro/BarrosD06,
	added-at = {2011-11-02T00:00:00.000+0100},
	author = {Barros, Alistair P. and Dumas, Marlon},
	biburl = {http://www.bibsonomy.org/bibtex/2a8af29ef04ea3d8729743ac147388326/dblp},
	ee = {http://doi.ieeecomputersociety.org/10.1109/MITP.2006.123},
	interhash = {9d1fb1d4e357eee73df384fc8e58e255},
	intrahash = {a8af29ef04ea3d8729743ac147388326},
	journal = {IT Professional},
	keywords = {dblp},
	number = 5,
	pages = {31-37},
	timestamp = {2011-11-02T00:00:00.000+0100},
	title = {The Rise of Web Service Ecosystems.},
	url = {http://dblp.uni-trier.de/db/journals/itpro/itpro8.html#BarrosD06},
	volume = 8,
	year = 2006
}

@article{10.1109/MIC.2008.92,
	author = {E. Michael Maximilien and Ajith Ranabahu and Karthik Gomadam},
	title = {An Online Platform for Web APIs and Service Mashups},
	journal ={IEEE Internet Computing},
	volume = {12},
	number = {5},
	issn = {1089-7801},
	year = {2008},
	pages = {32-43},
	doi = {http://doi.ieeecomputersociety.org/10.1109/MIC.2008.92},
	publisher = {IEEE Computer Society},
	address = {Los Alamitos, CA, USA},
}

@inproceedings{conf/wsdm/RadinskyH13,
  added-at = {2013-02-14T00:00:00.000+0100},
  author = {Radinsky, Kira and Horvitz, Eric},
  biburl = {http://www.bibsonomy.org/bibtex/2145840f3c5f8626e1d245670971a6c19/dblp},
  booktitle = {WSDM},
  crossref = {conf/wsdm/2013},
  editor = {Leonardi, Stefano and Panconesi, Alessandro and Ferragina, Paolo and Gionis, Aristides},
  ee = {http://doi.acm.org/10.1145/2433396.2433431},
  interhash = {2431d70726a2843490c26636ab6935db},
  intrahash = {145840f3c5f8626e1d245670971a6c19},
  isbn = {978-1-4503-1869-3},
  keywords = {dblp},
  pages = {255-264},
  publisher = {ACM},
  timestamp = {2013-02-14T00:00:00.000+0100},
  title = {Mining the web to predict future events.},
  url = {http://dblp.uni-trier.de/db/conf/wsdm/wsdm2013.html#RadinskyH13},
  year = 2013
}

@inproceedings{conf/icws/HuangFT12,
  added-at = {2012-09-10T00:00:00.000+0200},
  author = {Huang, Keman and Fan, Yushun and Tan, Wei},
  biburl = {http://www.bibsonomy.org/bibtex/257f6c7e366a2ff2070f7e7d521e52037/dblp},
  booktitle = {ICWS},
  crossref = {conf/icws/2012},
  editor = {Goble, Carole A. and Chen, Peter P. and Zhang, Jia},
  ee = {http://dx.doi.org/10.1109/ICWS.2012.32},
  interhash = {b89ffb35fa5260475ac72e39c5986671},
  intrahash = {57f6c7e366a2ff2070f7e7d521e52037},
  isbn = {978-1-4673-2131-0},
  keywords = {dblp},
  pages = {552-559},
  publisher = {IEEE},
  timestamp = {2012-09-10T00:00:00.000+0200},
  title = {An Empirical Study of Programmable Web: A Network Analysis on a Service-Mashup System.},
  url = {http://dblp.uni-trier.de/db/conf/icws/icws2012.html#HuangFT12},
  year = 2012
}

@book{EcmaScript,
	added-at = {2012-10-14T23:50:22.000+0200},
	author = {{ECMA International}},
	biburl = {http://www.bibsonomy.org/bibtex/2a9b23a5e720836b2505b7aac7fdc4638/gron},
	edition = {5.1},
	interhash = {b179dfe8f7ed6ef5ad2a2c4705d88de6},
	intrahash = {a9b23a5e720836b2505b7aac7fdc4638},
	keywords = {ECMA JavaScript Specification Standard},
	month = {June},
	timestamp = {2012-10-14T23:50:22.000+0200},
	title = {Standard ECMA-262 - ECMAScript Language Specification},
	url = {http://www.ecma-international.org/publications/standards/Ecma-262.htm},
	year = 2011
}

@paper{
	2012-Giurca_etal-RuleTheWeb.pdf,
	year="2012",
	title="RuleTheWeb!: Rule-based Adaptive User Experience",
	author="Giurca, A. and Tylkowski, M. and Mueller, M."
}

@article{
	2008-Giurca_Pascalau-JSON_Rules.pdf,
	title={Json rules},
	author={Giurca, Adrian and Pascalau, Emilian},
	journal={Proceedings of the Proceedings of 4th Knowledge Engineering and Software Engineering, KESE},
	volume={425},
	pages={7--18},
	year={2008}
}

@incollection{
	2006-Boley-RuleML.pdf,
	title={The RuleML family of web rule languages},
	author={Boley, Harold},
	booktitle={Principles and Practice of Semantic Web Reasoning},
	pages={1--17},
	year={2006},
	publisher={Springer}
}

@incollection{
	2012-Paschke_etal-ReactionRuleML.pdf,
	year={2012},
	isbn={978-3-642-32688-2},
	booktitle={Rules on the Web: Research and Applications},
	volume={7438},
	series={Lecture Notes in Computer Science},
	editor={Bikakis, Antonis and Giurca, Adrian},
	doi={10.1007/978-3-642-32689-9_9},
	title={Reaction RuleML 1.0: Standardized Semantic Reaction Rules},
	url={http://dx.doi.org/10.1007/978-3-642-32689-9_9},
	publisher={Springer Berlin Heidelberg},
	author={Paschke, Adrian and Boley, Harold and Zhao, Zhili and Teymourian, Kia and Athan, Tara},
	pages={100-119}
}

@incollection{
	2009-Paschke_Boley-RCER.pdf,
	year={2009},
	month={May},
	booktitle={Handbook of Research on Emerging Rule-Based Languages and Technologies: Open Solutions and Approaches},
	editor={Giurca, Adrian and Gasevic, Dragan and Taveter, Kuldar},
	title={Rules Capturing Events and Reactivity},
	publisher={IGI Publishing},
	author={Paschke, Adrian and Boley, Harold},
	pages={215-252}
}
@phdthesis{
	2005-Patranjan-TLE.pdf,
	author = "Patranjan, Paula-lavinia",
	title = "The Language XChange",
	school = "Ludwig-Maximilians-Universit{\"a}t M{\"u}nchen",
	year = "2005"
}

@book{
	bookTheLiveWeb,
	author = "Windley, P.",
	title = "The Live Web: Building Event-Based Connections in the Cloud",
	publisher = "Cengage Learning PTR",
	year = "2011"
}

@techreport{citeulike:12243016,
    abstract = {{The next wave of dramatic Internet growth will come through the confluence of people, process, data, and things — the Internet of Everything}},
    author = {Bradley, Joseph and Barbier, Joel and Handler, Doug},
    citeulike-article-id = {12243016},
    citeulike-linkout-0 = {http://www.cisco.com/web/about/ac79/docs/innov/IoE\_Economy.pdf},
    keywords = {esociety, internet\_der\_dinge, internet\_of\_everything, internet\_of\_things, ioe},
    posted-at = {2013-04-05 12:02:24},
    priority = {2},
    title = {{Embracing the Internet of Everything To Capture Your Share of \$14.4 Trillion}},
    url = {http://www.cisco.com/web/about/ac79/docs/innov/IoE\_Economy.pdf},
    year = {2013}
}

@webpage{
	wwwn3,
	title="Notation 3 Logic",
	howpublished = {\url{http://www.w3.org/DesignIssues/Notation3.html}},
	note = {Accessed: 2013-10-21},
	year = "2005",
	author="Berners-Lee, Tim"
}

@webpage{
	wwwRademacherOne,
	title="Holy Amazing Interface, Batman! Paul Rademachers Brilliant Lodging Finder",
	howpublished = {\url{http://bokardo.com/archives/holy-amazing-interface-batman}},
	note = {Accessed: 2014-05-01},
	year = "2005",
	author="Joshua Porter"
}

@webpage{
	wwwRademacherTwo,
	title="5 Years Ago Today the Web Mashup Was Born",
	howpublished = {\url{http://blog.programmableweb.com/2010/04/08/the-fifth-anniversary-of-map-mashups-on-the-web}},
	note = {Accessed: 2014-05-01},
	year = "2010",
	author = "Adam DuVander"
}

@webpage{
	wwwProgrammableWeb,
	key="ProgrammableWeb",
	title="ProgrammableWeb: APIs, mashups and code. Because the world's your programmable oyster.",
	howpublished = {\url{http://www.programmableweb.com}},
	note = {Accessed: 2014-05-02}
}

@webpage{
	wwwProgrammableWebResearch,
	key="ProgrammableWebResearch",
	title="PROGRAMMABLEWEB RESEARCH CENTER",
	howpublished = {\url{http://www.programmableweb.com/api-research}},
	note = {Accessed: 2014-05-26}
}

@webpage{
	wwwWifiAndPlugs,
	key="Free Wifi \& Plugs",
	title={Free Wifi \& Plugs | Your comprehensive list of where to work around London},
	howpublished = {\url{http://wifiandplugs.co.uk}},
	note = {Accessed: 2014-05-02}
}

@webpage{
	wwwMapLight,
	key="MapLight",
	title="MapLight - Money and Politics | U.S. Congress Campaign Contributions and Voting Database",
	howpublished = {\url{http://maplight.org}},
	note = {Accessed: 2014-05-02}
}

@webpage{
	wwwSharedCount,
	key="Shared Count",
	title="Shared Count",
	howpublished = {\url{http://lab.neerajkumar.name/sharedcount}},
	note = {Accessed: 2014-05-02}
}

@webpage{
	wwwClosures,
	key="Closures",
	title="Closures",
	howpublished = {\url{https://developer.mozilla.org/en-US/docs/Web/JavaScript/Guide/Closures}},
	note = {Accessed: 2014-05-04}
}

@webpage{
	wwwRewerse,
	key="REWERSE",
	title="REWERSE - Reasoning on the Web with Rules and Semantics",
	howpublished = {\url{http://rewerse.net}},
	note = {Accessed: 2014-05-08}
}
