
@article{
	1982-Crockford-RETE.pdf,
  abstract = {The Rete Match Algorithm is an efficient method for comparing a large
	collection of patterns to a large collection of objects. It finds
	all the objects that match each pattern. The algorithm was developed
	for use in production system interpreters, and it has been used for
	systems containing from a few hundred to more than a thousand patterns
	and objects. This article presents the algorithm in detail. It explains
	the basic concepts of the algorithm, it describes pattern and object
	representations that are appropriate for the algorithm, and it describes
	the operations performed by the pattern matcher.},
  added-at = {2009-06-30T14:21:54.000+0200},
  author = {Forgy, Charles},
  biburl = {http://www.bibsonomy.org/bibtex/2d9b0a01b6983b194319995f55282647b/fredcool},
  description = {Updated base references},
  interhash = {26f1c32ccf8607141edb21f64a584a66},
  intrahash = {d9b0a01b6983b194319995f55282647b},
  issn = {0004-3702},
  journal = {Artificial Intelligences},
  keywords = {algorithm fast pattern rete},
  number = 1,
  owner = {flint},
  pages = {17-37},
  timestamp = {2009-06-30T14:21:54.000+0200},
  title = {Rete: A Fast Algorithm for the Many Pattern/Many Object Pattern Match
	Problem},
  url = {http://dx.doi.org/10.1016/0004-3702(82)90020-0},
  volume = 19,
  year = 1982
}


@paper{
	2011-Pascalau-MBC.pdf,
	year="2011",
	title="Mashups: Behavior in Context(s)",
	author="Pascalau, E.",
	journal = ""
}

@inproceedings{
	2009-Fischer_etal-OCAMG.pdf,
  title={An Overview of Current Approaches to Mashup Generation.},
  author={Fischer, Thomas and Bakalov, Fedor and Nauerz, Andreas},
  booktitle={Wissensmanagement},
  pages={254--259},
  year={2009}
}
@incollection{
	2010-Ye_Jacobsen-EEWS.pdf,
year={2010},
isbn={978-3-642-16598-6},
booktitle={The Smart Internet},
volume={6400},
series={Lecture Notes in Computer Science},
editor={Chignell, Mark and Cordy, James and Ng, Joanna and Yesha, Yelena},
doi={10.1007/978-3-642-16599-3_14},
title={Event Exposure for Web Services: A Grey-Box Approach to Compose and Evolve Web Services},
url={http://dx.doi.org/10.1007/978-3-642-16599-3_14},
publisher={Springer Berlin Heidelberg},
author={Ye, Chunyang and Jacobsen, Hans-Arno},
pages={197-215}
}

@incollection{
	2009-Pascalau_Giurca-RBACEM.pdf,
year={2009},
isbn={978-3-642-04279-9},
booktitle={Software Services for e-Business and e-Society},
volume={305},
series={IFIP Advances in Information and Communication Technology},
editor={Godart, Claude and Gronau, Norbert and Sharma, Sushil and Canals, G\'{e}r\^{o}me},
doi={10.1007/978-3-642-04280-5_8},
title={A Rule-Based Approach of Creating and Executing Mashups},
url={http://dx.doi.org/10.1007/978-3-642-04280-5_8},
publisher={Springer Berlin Heidelberg},
keywords={Mashup; Software as Service; Web 2.0 applications; Business rules; JSON Rules},
author={Pascalau, Emilian and Giurca, Adrian},
pages={82-95}
}

@INPROCEEDINGS{Papamarkos03event-condition-actionrule,
    author = {George Papamarkos and Alexandra Poulovassilis and Ra Poulovassilis and Peter T. Wood},
    title = {Event-Condition-Action Rule Languages for the Semantic Web},
    booktitle = {In: Workshop on Semantic Web and Databases},
    year = {2003},
    pages = {309--327}
}
@inproceedings{
	2005-Ball_etal-OOjDrew.pdf,
 author = {Ball, Marcel and Boley, Harold and Hirtle, David and Mei, Jing and Spencer, Bruce},
 title = {The OO jDREW reference implementation of RuleML},
 booktitle = {Proceedings of the First international conference on Rules and Rule Markup Languages for the Semantic Web},
 series = {RuleML'05},
 year = {2005},
 isbn = {3-540-29922-X, 978-3-540-29922-6},
 location = {Galway, Ireland},
 pages = {218--223},
 numpages = {6},
 url = {http://dx.doi.org/10.1007/11580072_20},
 doi = {10.1007/11580072_20},
 acmid = {2179217},
 publisher = {Springer-Verlag},
 address = {Berlin, Heidelberg},
} 


@paper{
	2010-Namoun_etal-EURCW.pdf,
	year="2010",
	title="End User Requirements for the Composable Web",
	author="Namoun, A. and Nestler, T. and De Angeli, A.",
  journal = ""
}

@incollection{
	2011-Cappiello_etal-DashMash.pdf,
year={2011},
isbn={978-3-642-22232-0},
booktitle={Web Engineering},
volume={6757},
series={Lecture Notes in Computer Science},
editor={Auer, S\"{o}ren and D\'{i}az, Oscar and Papadopoulos, GeorgeA.},
doi={10.1007/978-3-642-22233-7_11},
title={DashMash: A Mashup Environment for End User Development},
url={http://dx.doi.org/10.1007/978-3-642-22233-7_11},
publisher={Springer Berlin Heidelberg},
keywords={mashups; service-based dashboards; end user development},
author={Cappiello, Cinzia and Matera, Maristella and Picozzi, Matteo and Sprega, Gabriele and Barbagallo, Donato and Francalanci, Chiara},
pages={152-166}
}

@ARTICLE{
	2005-Bry_etal-XChange.pdf,
    author = {Francois Bry and Paula-lavinia Patranjan},
    title = {Reactivity on the Web: Paradigms and Applications of the Language XChange},
    journal = {J. of Web Engineering},
    year = {2005},
    volume = {5},
    pages = {2006}
}

@paper{
	2012-Giurca_etal-RuleTheWeb.pdf,
	year="2012",
	title="RuleTheWeb!: Rule-based Adaptive User Experience",
	author="Giurca, A. and Tylkowski, M. and Mueller, M."
}

@incollection{
	2013_Zhao-Paschke_EDSWE.pdf,
year={2013},
isbn={978-3-642-36284-2},
booktitle={Business Process Management Workshops},
volume={132},
series={Lecture Notes in Business Information Processing},
editor={Rosa, Marcello and Soffer, Pnina},
doi={10.1007/978-3-642-36285-9_42},
title={Event-Driven Scientific Workflow Execution},
url={http://dx.doi.org/10.1007/978-3-642-36285-9_42},
publisher={Springer Berlin Heidelberg},
keywords={Reaction rules; Derivation Rules; Scientific Workflows},
author={Zhao, Zhili and Paschke, Adrian},
pages={390-401}
}

@paper{
	2007-Paschke_etal-RuleResponder.pdf,
	year="2007",
	title="Rule Responder: RuleML-Based Agents for Distributed Collaboration on the Pragmatic Web",
	author="Paschke, A. and Boley, H. and Craig, B. and Kozlenkov, A.",
  journal={(RuleML-2008).}
}

@article{
	2008-Giurca_Pascalau-JSON_Rules.pdf,
  title={Json rules},
  author={Giurca, Adrian and Pascalau, Emilian},
  journal={Proceedings of the Proceedings of 4th Knowledge Engineering and Software Engineering, KESE},
  volume={425},
  pages={7--18},
  year={2008}
}

@article{
	2009-Pascalau_Giurca-LWAECARE.pdf,
  title={A Lightweight Architecture of an ECA Rule Engine for Web Browsers},
  author={Pascalau, Emilian and Giurca, Adrian},
  journal={Proceedings of 5th Knowledge Engineering and Software Engineering, KESE},
  volume={486},
  year={2009}
}

@incollection{
	2006-Boley-RuleML.pdf,
  title={The RuleML family of web rule languages},
  author={Boley, Harold},
  booktitle={Principles and Practice of Semantic Web Reasoning},
  pages={1--17},
  year={2006},
  publisher={Springer}
}

@incollection{
	2012-Paschke_etal-ReactionRuleML.pdf,
	year={2012},
	isbn={978-3-642-32688-2},
	booktitle={Rules on the Web: Research and Applications},
	volume={7438},
	series={Lecture Notes in Computer Science},
	editor={Bikakis, Antonis and Giurca, Adrian},
	doi={10.1007/978-3-642-32689-9_9},
	title={Reaction RuleML 1.0: Standardized Semantic Reaction Rules},
	url={http://dx.doi.org/10.1007/978-3-642-32689-9_9},
	publisher={Springer Berlin Heidelberg},
	author={Paschke, Adrian and Boley, Harold and Zhao, Zhili and Teymourian, Kia and Athan, Tara},
	pages={100-119}
}

@paper{
	2010-Rizzotti_Burkhart-useKit.pdf,
	title={useKit-lightweight mashups for the personalized web},
	author={Rizzotti, Sven and Burkhart, Helmar},
	journal={WWW},
	year={2010}
}

@paper{
	2009-Paschke_Boley-RCER.pdf,
	year="2009",
	title="Rules Capturing Events and Reactivity",
  author="Paschke, A. and Boley, H.",
  journal = ""
}

@article{Behrends:2008:EEA:1377798.1377801,
	author = {Behrends, E. and Fritzen, O. and May, W. and Schenk, F.},
	title = "{Embedding Event Algebras and Process for ECA Rules for the Semantic Web}",
	journal = {Fundam. Inf.},
	issue_date = {July 2008},
	volume = {82},
	number = {3},
	month = aug,
	year = {2008},
	issn = {0169-2968},
	pages = {237--263},
	numpages = {27},
	url = {http://dl.acm.org/citation.cfm?id=1377798.1377801},
	acmid = {1377801},
	publisher = {IOS Press},
	address = {Amsterdam, The Netherlands, The Netherlands},
} 

@phdthesis{
	2005-Patranjan-TLE.pdf,
	author = "Patranjan, Paula-lavinia",
	title = "The Language XChange",
	school = "Ludwig-Maximilians-Universit{\"a}t M{\"u}nchen",
	year = "2005"
}

@phdthesis{
	2004-Schaffert-Xcerpt.pdf,
	year="2004",
	title="Xcerpt: A Rule-Based Query and Transformation Language for the Web",
	author="Schaffert, Finn Sebastian",
	school="Ludwig-Maximilians-Universit{\"a}t M{\"u}nchen"
}


@book{
	bookTheLiveWeb,
	author = "Windley, P.",
	title = "The Live Web: Building Event-Based Connections in the Cloud",
	publisher = "Cengage Learning PTR",
	year = "2011"
}

@webpage{
	wwwn3,
	title="Notation 3 Logic",
	howpublished = {\url{http://www.w3.org/DesignIssues/Notation3.html}},
	note = {Accessed: 2013-10-21},
	year = "2005",
    author="Berners-Lee, Tim"
}
